<OAI-PMH xmlns="http://www.openarchives.org/OAI/2.0/" xmlns:xsi="http://www.w3.org/2001/XMLSchema-instance" xsi:schemaLocation="http://www.openarchives.org/OAI/2.0/                                       http://www.openarchives.org/OAI/2.0/OAI-PMH.xsd                        http://www.extensiblecatalog.org/xsd/mst/1.0                                       http://www.extensiblecatalog.org/doc/MST/xsd/mst.xsd">
  <responseDate>2011-02-23T16:26:00Z</responseDate>
  <request from="1960-02-23T21:26:00Z" metadataPrefix="marcxml" until="2011-02-23T21:26:00Z" verb="ListRecords">http://localhost:8080/MetadataServicesToolkit/marcnormalization-Service/oaiRepository?verb=ListRecords</request>
  <ListRecords>
    <record>
      <header>
        <identifier>oai:mst.rochester.edu:marcnormalization/010</identifier>
        <datestamp>2011-02-23T21:25:48Z</datestamp>
      </header>
      <metadata>
	   <marc:record xmlns:marc="http://www.loc.gov/MARC21/slim" xmlns:xsi="http://www.w3.org/2001/XMLSchema-instance" xsi:schemaLocation="http://www.loc.gov/MARC21/slim http://128.151.244.137:8080/OAIToolkit/schema/MARC21slim_custom.xsd">
	  <marc:leader>01691cbc a2200349 a 4500</marc:leader>
	  <marc:controlfield tag="001">32184</marc:controlfield>
	  <marc:controlfield tag="003">NRU</marc:controlfield>
	  <marc:controlfield tag="005">20020821111923.0</marc:controlfield>
	  <marc:controlfield tag="008">940523i19041940xxu                 eng d</marc:controlfield>
	  <marc:datafield ind1=" " ind2=" " tag="035">
	    <marc:subfield code="a">(OCoLC)30480303</marc:subfield>
	  </marc:datafield>
	  <marc:datafield ind1=" " ind2=" " tag="035">
	    <marc:subfield code="9">01218532</marc:subfield>
	  </marc:datafield>
	  <marc:datafield ind1=" " ind2=" " tag="040">
	    <marc:subfield code="a">RES</marc:subfield>
	    <marc:subfield code="c">RES</marc:subfield>
	  </marc:datafield>
	  <marc:datafield ind1=" " ind2=" " tag="049">
	    <marc:subfield code="a">RESM</marc:subfield>
	  </marc:datafield>
	  <marc:datafield ind1=" " ind2=" " tag="099">
	    <marc:subfield code="a">991.3</marc:subfield>
	  </marc:datafield>
	  <marc:datafield ind1=" " ind2=" " tag="099">
	    <marc:subfield code="a">991.3</marc:subfield>
	  </marc:datafield>
	  <marc:datafield ind1="1" ind2=" " tag="100">
	    <marc:subfield code="a">Vas, Sandor,</marc:subfield>
	    <marc:subfield code="d">1884-1972.</marc:subfield>
	  </marc:datafield>
	  <marc:datafield ind1="0" ind2="0" tag="245">
	    <marc:subfield code="a">Sandor Vas papers,</marc:subfield>
	    <marc:subfield code="f">1904-1940.</marc:subfield>
	  </marc:datafield>
	  <marc:datafield ind1=" " ind2=" " tag="300">
	    <marc:subfield code="a">.5 linear ft.</marc:subfield>
	  </marc:datafield>
	  <marc:datafield ind1=" " ind2=" " tag="351">
	    <marc:subfield code="a">Organized by subject into folders.</marc:subfield>
	    <marc:subfield code="b">Chronological arrangement.</marc:subfield>
	  </marc:datafield>
	  <marc:datafield ind1=" " ind2=" " tag="351">
	    <marc:subfield code="3">Programs</marc:subfield>
	    <marc:subfield code="b">arranged chronologically.</marc:subfield>
	  </marc:datafield>
	  <marc:datafield ind1=" " ind2=" " tag="520">
	    <marc:subfield code="a">Concert programs from Vas's performances in Europe, Russia, the U.S., and Canada.  Includes clippings, press notices, manuscripts of piano exercises, photos, a letter, and miscellaneous items.</marc:subfield>
	  </marc:datafield>
	  <marc:datafield ind1=" " ind2=" " tag="541">
	    <marc:subfield code="a">Transferred to the Eastman School Archives in 1991.</marc:subfield>
	  </marc:datafield>
	  <marc:datafield ind1=" " ind2=" " tag="544">
	    <marc:subfield code="d">Letters to Vas from Hamilton Harty, Eugene Goosens, Bela Bartok, Josef Szigeti, Malinowski and others</marc:subfield>
	    <marc:subfield code="a">Vault Letter File, Sibley Music Library, Eastman School of Music</marc:subfield>
	    <marc:subfield code="b">27 Gibbs St., Rochester, NY  14604.</marc:subfield>
	  </marc:datafield>
	  <marc:datafield ind1=" " ind2=" " tag="545">
	    <marc:subfield code="a">Pianist and teacher.  Faculty member at the Eastman School of Music, Rochester, NY, 1923-1950.</marc:subfield>
	  </marc:datafield>
	  <marc:datafield ind1=" " ind2=" " tag="561">
	    <marc:subfield code="a">Originally received by Dennis Andal, who gave some materials to the Sibley Music Library upon his retirement from the Eastman School of Music in 1986.</marc:subfield>
	  </marc:datafield>
	  <marc:datafield ind1="1" ind2="0" tag="600">
	    <marc:subfield code="a">Vas, Sandor,</marc:subfield>
	    <marc:subfield code="d">1884-1972</marc:subfield>
	    <marc:subfield code="v">Archives.</marc:subfield>
	  </marc:datafield>
	  <marc:datafield ind1=" " ind2="0" tag="650">
	    <marc:subfield code="a">Musicians</marc:subfield>
	    <marc:subfield code="z">New York (State)</marc:subfield>
	    <marc:subfield code="z">Rochester</marc:subfield>
	    <marc:subfield code="v">Archives.</marc:subfield>
	  </marc:datafield>
	  <marc:datafield ind1=" " ind2="0" tag="650">
	    <marc:subfield code="a">Piano</marc:subfield>
	    <marc:subfield code="v">Studies and exercises.</marc:subfield>
	  </marc:datafield>
	  <marc:datafield ind1=" " ind2="0" tag="650">
	    <marc:subfield code="a">Piano music</marc:subfield>
	    <marc:subfield code="x">Programs.</marc:subfield>
	  </marc:datafield>
	  <marc:datafield ind1="2" ind2=" " tag="710">
	    <marc:subfield code="a">Eastman School Archives.</marc:subfield>
	    <marc:subfield code="t">Personal papers.</marc:subfield>
	  </marc:datafield>
	  <marc:datafield ind1=" " ind2=" " tag="852">
	    <marc:subfield code="a">Eastman School Archives</marc:subfield>
	    <marc:subfield code="e">27 Gibbs St., Rochester, NY 14604</marc:subfield>
	  </marc:datafield>
	  <marc:datafield ind1=" " ind2=" " tag="911">
	    <marc:subfield code="a">p</marc:subfield>
	  </marc:datafield>
	  <marc:datafield ind1=" " ind2=" " tag="966">
	    <marc:subfield code="l">/Archv</marc:subfield>
	    <marc:subfield code="m">SARCHV</marc:subfield>
	    <marc:subfield code="s">991.3</marc:subfield>
	    <marc:subfield code="c">1</marc:subfield>
	  </marc:datafield>
	  <marc:datafield ind1=" " ind2=" " tag="932">
	    <marc:subfield code="a">Archival and manuscripts control</marc:subfield>
	    <marc:subfield code="5">NRU</marc:subfield>
	  </marc:datafield>
	  <marc:datafield ind1=" " ind2=" " tag="935">
	    <marc:subfield code="a">Collection</marc:subfield>
	    <marc:subfield code="5">NRU</marc:subfield>
	  </marc:datafield>
	  <marc:datafield ind1=" " ind2=" " tag="035">
	    <marc:subfield code="a">(NRU)32184</marc:subfield>
	  </marc:datafield>
	  <marc:datafield ind1=" " ind2=" " tag="941">
	    <marc:subfield code="a">eng</marc:subfield>
	    <marc:subfield code="5">NRU</marc:subfield>
	  </marc:datafield>
	  <marc:datafield ind1=" " ind2=" " tag="943">
	    <marc:subfield code="a">English</marc:subfield>
	    <marc:subfield code="5">NRU</marc:subfield>
	  </marc:datafield>
	  <marc:datafield ind1="0" ind2="0" tag="240">
	    <marc:subfield code="a">Sandor Vas papers,</marc:subfield>
	    <marc:subfield code="f">1904-1940.</marc:subfield>
	  </marc:datafield>
	  <marc:datafield ind1="1" ind2="0" tag="965">
	    <marc:subfield code="a">Vas, Sandor,</marc:subfield>
	    <marc:subfield code="d">1884-1972</marc:subfield>
	    <marc:subfield code="5">NRU</marc:subfield>
	  </marc:datafield>
	  <marc:datafield ind1=" " ind2="0" tag="965">
	    <marc:subfield code="a">Musicians</marc:subfield>
	    <marc:subfield code="5">NRU</marc:subfield>
	  </marc:datafield>
	  <marc:datafield ind1=" " ind2="0" tag="965">
	    <marc:subfield code="a">Piano</marc:subfield>
	    <marc:subfield code="5">NRU</marc:subfield>
	  </marc:datafield>
	  <marc:datafield ind1=" " ind2="0" tag="965">
	    <marc:subfield code="a">Piano music</marc:subfield>
	    <marc:subfield code="5">NRU</marc:subfield>
	  </marc:datafield>
	  <marc:datafield ind1=" " ind2="0" tag="965">
	    <marc:subfield code="x">Programs.</marc:subfield>
	    <marc:subfield code="5">NRU</marc:subfield>
	  </marc:datafield>
	  <marc:datafield ind1=" " ind2="0" tag="967">
	    <marc:subfield code="z">New York (State)</marc:subfield>
	    <marc:subfield code="5">NRU</marc:subfield>
	  </marc:datafield>
	  <marc:datafield ind1=" " ind2="0" tag="967">
	    <marc:subfield code="z">Rochester</marc:subfield>
	    <marc:subfield code="5">NRU</marc:subfield>
	  </marc:datafield>
	  <marc:datafield ind1="1" ind2="0" tag="969">
	    <marc:subfield code="v">Archives.</marc:subfield>
	    <marc:subfield code="5">NRU</marc:subfield>
	  </marc:datafield>
	  <marc:datafield ind1=" " ind2="0" tag="969">
	    <marc:subfield code="v">Studies and exercises.</marc:subfield>
	    <marc:subfield code="5">NRU</marc:subfield>
	  </marc:datafield>
	</marc:record>
      </metadata>
    </record>
  </ListRecords>
</OAI-PMH>
